LIBRARY: LIT

@Article{muster,
  author = 	 {Xinixi Wang; Ye Wang},
  title = 	 {Improving Content-based and Hybrid Music Recommendation using Deep Learning},
  journal = 	 {Proceedings of the ACM International Conference on Multimedia},
  year = 	 {2014},
  volume = 	 {ACM},
  pages = 	 {627-636},
}

@book{fachkundebuchmetall,
	author={Joseph Dillinger and Hans-Dieter Dobler and Werner Doll and others},
	title={Fachkundebuch Metall},
	publisher={Europa Lehrmittel},
	edition={55},
	month={März},
	year={2007},
	language={German},
}
@techreport{ia:7-2007,
	author={Hansgeorg Binz and Markus Wagner and Hans-Jörg Dennig}, 
	title={Schnell schaltende Aktoren. Ein Systemvergleich linearer Stellglieder}, 
	editor={Industrieanzeiger}, 
	year={2008}, 
	number={Heft 25}
}
@PhDThesis{dennig:diss,
	title = {Entwicklung einer schnell schaltenden Bremse und Kupplung für Linearbewegungen zum Überlastschutz in Werkzeugmaschinen},
	author = {Hans-Jörg Dennig},
	school = {Universität Stuttgart}
}
